@inproceedings{clemencic2012cmake,
  title={A CMake-based build and configuration framework},
  author={Clemencic, Marco and Mato, P},
  booktitle={Journal of Physics: Conference Series},
  volume={396},
  number={5},
  pages={052021},
  year={2012},
  organization={IOP Publishing}
}

@inproceedings{wojtczyk2008cross,
  title={A cross platform development workflow for C/C++ applications},
  author={Wojtczyk, Martin and Knoll, Alois},
  booktitle={Software Engineering Advances, 2008. ICSEA'08. The Third International Conference on},
  pages={224--229},
  year={2008},
  organization={IEEE}
}

@inproceedings{heroux2009barely,
  title={Barely sufficient software engineering: 10 practices to improve your CSE software},
  author={Heroux, Michael A and Willenbring, James M},
  booktitle={Software Engineering for Computational Science and Engineering, 2009. SECSE'09. ICSE Workshop on},
  pages={15--21},
  year={2009},
  organization={IEEE}
}

@inproceedings{mcintosh2011build,
 author = {McIntosh, Shane},
 title = {Build System Maintenance},
 booktitle = {Proceedings of the 33rd International Conference on Software Engineering},
 series = {ICSE '11},
 year = {2011},
 isbn = {978-1-4503-0445-0},
 location = {Waikiki, Honolulu, HI, USA},
 pages = {1167--1169},
 numpages = {3},
 url = {http://doi.acm.org/10.1145/1985793.1986031},
 doi = {10.1145/1985793.1986031},
 acmid = {1986031},
 publisher = {ACM},
 address = {New York, NY, USA},
 keywords = {build systems, empirical software engineering, mining software repositories},
} 
